
@article{Campbell20201,
author = {Campbell, Micheline and Callow, J. Nikolaus and and McGowan, Hamish and McGrath, Gavan and Wong, Henri},
journal = {20th EGU General Assembly, Vienna, Austria},
title = {{Climate patterns in South-east Australia: the Last Interglacial vs. the last 2K}},
year = {2018}
}