
@article{campbell_using_2023,
	title = {Using {Cave} {Formations} to {Investigate} {Ancient} {Wildfires}},
	volume = {104},
	url = {http://eos.org/editors-vox/using-cave-formations-to-investigate-ancient-wildfires},
	abstract = {From sediment cores to speleothems, environmental archives are helping us to understand the history of wildfires.},
	language = {en-US},
	urldate = {2023-05-08},
	journal = {Eos},
	author = {Campbell, Micheline and McDonough, Liza and Treble, P. C. and Baker, Andy},
	month = may,
	year = {2023},
	file = {Snapshot:C\:\\Users\\miche\\Zotero\\storage\\UVSZV399\\using-cave-formations-to-investigate-ancient-wildfires.html:text/html},
}


@report{campbell_AQUAgender,
	title = {Continuing the conversation on equity, diversity, and inclusion in AQUA},
	volume = {40},
	language = {en-US},
	urldate = {2023-06-31},
	journal = {Quaternary Australasia},
	author = {Campbell, Micheline and Barrows, Tim},
	month = June,
	year = {2023},
}

@report{campbell_AINSE,
	title = {Cave speleothems record past wildfires},
	language = {en-US},
	journal = {AINSE Annual Report 2023},
	author = {Campbell, Micheline and Treble, P. and McDonough, L. and Baker, A. and Wong, H. and Hankin, S.},
	year = {2024},
}

@report{campbell_AINSE2,
	title = {Historical holes: Beneath the surface, caves hold the key to Australia's wildfire history},
	language = {en-US},
	journal = {AINSE 2025 Research Spotlight},
	author = {Barrington-Smith, George and Duncan, Rebecca},
	url = {https://www.ainse.edu.au/historical-holes-beneath-the-surface-caves-hold-the-key-to-australias-wildfire-history/},
	year = {2025},
}

@report{campbell_AQUAMentoring1,
	title = {The inaugural AQUA mentoring program},
	volume = {39},
	language = {en-US},
	urldate = {2022-12-31},
	journal = {Quaternary Australasia},
	author = {Campbell, Micheline and Mather, Caroline},
	month = June,
	year = {2022},
}

@report{campbell_AQUAMentoring2,
	title = {AQUA's mentoring program - four years in!},
	volume = {42},
	language = {en-US},
	urldate = {2025-06-31},
	journal = {Quaternary Australasia},
	author = {Campbell, Micheline and Mather, Caroline},
	month = June,
	year = {2025},
}

@report{campbell_AQUAFunding,
	title = {Open letter on the future of geosciences in higher education},
	volume = {40},
	language = {en-US},
	urldate = {2023-12-31},
	journal = {Quaternary Australasia},
	author = {AQUA Exective Committee},
	month = December,
	year = {2023},
}

