Automatically generated by Mendeley Desktop 1.19.4
Any changes to this file will be lost if it is regenerated by Mendeley.

BibTeX export options can be customized via Options -> BibTeX in Mendeley Desktop

@article{Campbell2018,
author = {Campbell, Micheline and Callow, John and McGrath, Gavan and McGowan, Hamish},
doi = {10.5038/1827-806X.47.2.2159},
file = {:C$\backslash$:/Users/21614006/Documents/Journal{\_}Articles/Co-authorship analysis of the speleothem proxy-climate community{\_} working together to tackle the big problems.pdf:pdf},
issn = {0392-6672},
journal = {International Journal of Speleology},
keywords = {accepted 25 march 2018,and hamish a,callow 1,campbell 1,co-authorship,gavan s,john n,mcgowan 3,mcgrath 2,micheline l,paleoclimatology,received 14 november 2017,revised 10 march 2018,speleothem},
month = {may},
number = {2},
pages = {165--172},
title = {{Co-authorship analysis of the speleothem proxy-climate community: working together to tackle the big problems}},
url = {http://scholarcommons.usf.edu/ijs/vol47/iss2/6/},
volume = {47},
year = {2018}
}
@article{Campbell2017,
author = {Campbell, Micheline and Callow, John Nikolaus and McGrath, Gavan and McGowan, Hamish},
doi = {10.1002/hyp.11392},
file = {:C$\backslash$:/Users/21614006/Documents/Journal{\_}Articles/Campbell{\_}et{\_}al-2017-Hydrological{\_}Processes (1).pdf:pdf},
issn = {08856087},
journal = {Hydrological Processes},
month = {dec},
number = {26},
pages = {4734--4747},
title = {{A multimethod approach to inform epikarst drip discharge modelling: Implications for palaeo-climate reconstruction}},
url = {http://doi.wiley.com/10.1002/hyp.11392},
volume = {31},
year = {2017}
}
@article{McGowan2018,
author = {McGowan, Hamish and Callow, John Nikolaus and Soderholm, Joshua and McGrath, Gavan and Campbell, Micheline and Zhao, Jian-xin},
doi = {10.1038/s41598-018-22766-z},
file = {:C$\backslash$:/Users/21614006/Documents/Journal{\_}Articles/global warming in the context of 2000 years of Australian alpine temperature and snow cover.pdf:pdf},
issn = {2045-2322},
journal = {Scientific Reports},
month = {dec},
number = {1},
pages = {4394},
title = {{Global warming in the context of 2000 years of Australian alpine temperature and snow cover}},
url = {http://www.nature.com/articles/s41598-018-22766-z},
volume = {8},
year = {2018}
}
