
@article{Campbell2020,
author = {Campbell, Micheline and Wong, H},
title = {{LA-ICP-AES to analyse trace elements in speleothems}},
year = {In Preparation},
number = NA
}

@article{Campbell2020b,
author = {Campbell, Micheline and Callow, J Nikolaus and McGowan, Hamish and Wong, H and McGrath, G},
title = {{Solar forcing of mid-latitude terrestrial hydroclimate over the past 6.5 ka}},
year = {In Preparation},
number = NA
}

