@article{McGowan2020,
author = {McGowan, Hamish and Campbell, Micheline and Callow, J Nikolaus and Lowry, Andrew and Wong, H },
title = {{Evidence of multi-decadal wet-dry cycles and mega-droughts in the Eemian warm climate epoch, southeast Australia}},
year = {In Review},
number = NA
}